<?xml version="1.0" encoding="UTF-8"?><collection xmlns="http://www.loc.gov/MARC21/slim"><record><leader>00553nam--2200217-u-4500</leader><controlfield tag="001">000051138</controlfield><controlfield tag="002">20161230</controlfield><controlfield tag="005">20161230201049</controlfield><controlfield tag="008">080522s1000------------r-----000-0-eng-d</controlfield><datafield ind1=" " ind2=" " tag="020"><subfield code="a">978-0-471-41526-8</subfield></datafield><datafield ind1=" " ind2=" " tag="040"><subfield code="a">IFIN-HH</subfield></datafield><datafield ind1=" " ind2=" " tag="080"><subfield code="a">539.2</subfield></datafield><datafield ind1="1" ind2=" " tag="100"><subfield code="a">Kittel, Charles</subfield></datafield><datafield ind1="1" ind2=" " tag="245"><subfield code="a">Introduction to Solid State Physics</subfield></datafield><datafield ind1=" " ind2=" " tag="250"><subfield code="a">Eight Edition</subfield></datafield><datafield ind1=" " ind2=" " tag="260"><subfield code="a">Hoboken</subfield><subfield code="b">John Wiley and Sons, Inc</subfield><subfield code="c">2005</subfield></datafield><datafield ind1=" " ind2=" " tag="300"><subfield code="a">680 p</subfield></datafield><datafield ind1=" " ind2="4" tag="650"><subfield code="a">Superconductivity</subfield></datafield><datafield ind1="1" ind2=" " tag="700"><subfield code="a">Charles Kittel</subfield></datafield><datafield ind1=" " ind2=" " tag="852"><subfield code="a">82043</subfield><subfield code="c">539.2</subfield></datafield><datafield ind1=" " ind2=" " tag="CAT"><subfield code="a">Sys</subfield><subfield code="c">20080522</subfield><subfield code="h">102908</subfield></datafield></record></collection>